
@article{shi2015convolutional,
  title={Convolutional LSTM network: A machine learning approach for precipitation nowcasting},
  author={Shi, Xingjian and Chen, Zhourong and Wang, Hao and Yeung, Dit-Yan and Wong, Wai-Kin and Woo, Wang-chun},
  journal={Advances in neural information processing systems},
  volume={28},
  year={2015}
}

@incollection{ghosh2020fundamental,
  title={Fundamental concepts of convolutional neural network},
  author={Ghosh, Anirudha and Sufian, Abu and Sultana, Farhana and Chakrabarti, Amlan and De, Debashis},
  booktitle={Recent trends and advances in artificial intelligence and Internet of Things},
  pages={519--567},
  year={2020},
  publisher={Springer}
}

@article{hochreiter1997long,
  title={Long short-term memory},
  author={Hochreiter, Sepp and Schmidhuber, J{\"u}rgen},
  journal={Neural computation},
  volume={9},
  number={8},
  pages={1735--1780},
  year={1997},
  publisher={MIT Press}
}